@Article{ Parnas72,
  author = "David L. Parnas",
  title = "On the {C}riteria to be {U}sed in {D}ecomposing {S}ystems into {M}odules",
  journal = "\newline{Comunications of the {ACM}}",
  volume = "15",
  number = "12",
  year = "1972"
}
@Article{ Saltzer74,
  author = "Jerome H. Saltzer",
  title = "{T}he {P}rotection of {I}nformation in {C}omputer {S}ystems",
  journal = "\newline{Comunications of the {ACM}}",
  volume = "17",
  number = "7",
  year = "1974"
}
@unpublished{ Dijkstra78,
  author = "Edsger W. Dijkstra",
  title = "On the {GREEN} {L}anguage submitted to the {DoD}",
  note = "\newline{E.W.Dijkstra Archive, originally circulated privately}",
  year = "1978",
  url = "http://www.cs.utexas.edu/users/EWD/ewd06xx/EWD660.PDF"
}
@TechReport{ Wirth78,
  author = "Niklaus Wirth",
  title = "MODULA-2",
  institution = "{ETH} Z{\"u}rich",
  year = "1978"
}
@Book{ Wirth83,
  author = "Niklaus Wirth",
  title = "{P}rogramming in {M}odula-2",
  publisher = "Springer, Heidelberg",
  year = "1983",
  edition = "2nd"
}
@Book{ Wirth85,
  author = "Niklaus Wirth",
  title = "{P}rogramming in {M}odula-2",
  publisher = "Springer, Heidelberg",
  year = "1985",
  edition = "3rd"
}
@Book{ Wirth88,
  author = "Niklaus Wirth",
  title = "{P}rogramming in {M}odula-2",
  publisher = "Springer, Heidelberg",
  year = "1988",
  edition = "4th"
}
@Book{ Geoffrey87,
  author = "James Geoffrey",
  title = "{T}he {T}ao of {P}rogramming",
  publisher = "{I}nfo{B}ooks",
  year = "1987"
}
@Article{ Knuth84,
  author = "Donald E. Knuth",
  title = "{L}iterate {P}rogramming",
  journal = "{T}he {C}omputer {J}ournal",
  publisher = "British Computer Society",
  volume = "27",
  number = "2",
  year = "1984",
  url = "https://doi.org/10.1093/comjnl/27.2.97"
}
@Manual{ ACK,
  author = "Ceriel J.H. Jacobs",
  title = "{T}he {ACK} {M}odula-2 {C}ompiler",
  organisation = "{F}ree {U}niversity of {A}msterdam",
  year = "1985",
  url = "https://github.com/davidgiven/ack/blob/default/doc/m2ref.doc"
}
@Manual{ MOCKA,
  author = "Emmelmann, H. and Vollmer, J.",
  title = "{GMD} {M}odula-2 {S}ystem {MOCKA} {U}ser {M}anual",
  organisation = "{U}niversity of {K}arlsruhe",
  year = "1994"
}
@TechReport{ Wirth90,
  author = "Niklaus Wirth",
  title = "{O}beron {L}anguage {R}eport",
  institution = "{ETH} Z{\"u}rich",
  year = "1990",
  url = "http://www.ethoberon.ethz.ch/oreport.html"
}
@TechReport{ ISO96,
  author = "ISO/IEC JTC1/SC22/WG13",
  title = "{Information Technology} -- {Programming Languages} --
    {Part}~1: Modula-2, {Base Language}",
  type = "International Standard",
  number = "10514-1",
  institution = "ISO/IEC",
  year = "1996"
}
@Book{ Martin09,
  author =  "Robert C. Martin",
  title = "{Clean Code:} {A} {H}andbook of {A}gile {S}oftware {C}raftsmanship",
  publisher = "{\newline{Prentice~Hall}}",
  year = "2009"
}
